<?xml version="1.0" encoding="UTF-8"?><collection xmlns="http://www.loc.gov/MARC21/slim"><record><leader>00577nam--2200193-i-4500</leader><controlfield tag="001">000025284</controlfield><controlfield tag="002">20161230</controlfield><controlfield tag="005">20161230201035</controlfield><controlfield tag="008">060222s1000------------r-----000-0-eng-d</controlfield><datafield ind1=" " ind2=" " tag="040"><subfield code="a">IFIN-HH</subfield></datafield><datafield ind1=" " ind2=" " tag="080"><subfield code="a">519.216</subfield></datafield><datafield ind1="1" ind2=" " tag="100"><subfield code="a">Tirapegui, Enrique</subfield></datafield><datafield ind1="1" ind2="0" tag="245"><subfield code="a">Instabilities and nonequilibrium structures</subfield><subfield code="c">Enrique Tirapegui ; Danilo Villarroel (Eds.)</subfield></datafield><datafield ind1=" " ind2=" " tag="260"><subfield code="a">Dordrecht, D.Reidel Publishing Company,1987</subfield></datafield><datafield ind1=" " ind2=" " tag="300"><subfield code="a">VIII + 337P</subfield></datafield><datafield ind1=" " ind2=" " tag="490"><subfield code="a">Mathematics And Its Applications</subfield></datafield><datafield ind1=" " ind2=" " tag="700"><subfield code="a">Villarroel, Danilo</subfield></datafield><datafield ind1=" " ind2=" " tag="852"><subfield code="a">74781</subfield><subfield code="c">519.2</subfield></datafield><datafield ind1=" " ind2=" " tag="CAT"><subfield code="a">Sys</subfield><subfield code="c">20100616</subfield><subfield code="h">134330</subfield></datafield></record></collection>